@book{jensen2017,
    author = {Paul B. Jensen},
    title = {Cross-Platform Desktop Applications Using Node, Electron, and NW.js},
    publisher = {Manning Publications},
    url = {https://livebook.manning.com/book/cross-platform-desktop-applications/chapter-1/},
    year = {2017},
    date = {2017-05-01}
}
@misc{gartner2021,
    author = {Gartner},
    title = {Global public cloud application services (SaaS) market size 2015-2022},
    year = {2021},
    date = {2021-08-01},
    url = {https://www.statista.com/statistics/505243/worldwide-software-as-a-service-revenue/}
}
@article{jacobs2005,
    author = {Dean Jacobs},
    title = {Enterprise Software as Service},
    journal = {Enterprise Distributed Computing},
    year = {2005}
}
@misc{akamai2017,
    author = {Akamai Technologies},
    title = {Average internet connection speed in the United States from 2007 to 2017 (in Mbps), by quarter},
    year = {2017},
    date = {2017-05-01},
    url = {https://www.statista.com/statistics/616210/average-internet-connection-speed-in-the-us/}
}

@misc{statista2021,
    author = {Statista},
    title = {Number of internet users in the United States from 2010 to 2025},
    year = {2021},
    date = {2021-01-01},
    url = {https://www.statista.com/statistics/325645/usa-number-of-internet-users/}
}