@book{jensen2017,
    author = {Paul B. Jensen},
    title = {Cross-Platform Desktop Applications Using Node, Electron, and NW.js},
    publisher = {Manning Publications},
    url = {https://bit.ly/3EPy0r1},
    year = {2017},
    date = {2017-05-01}
}
@misc{gartner2021,
    author = {Gartner},
    title = {Global public cloud application services (SaaS) market size 2015-2022},
    year = {2021},
    date = {2021-08-01},
    urldate = {2021-12-14},
    url = {https://bit.ly/3lZb8xV}
}
@article{jacobs2005,
    author = {Dean Jacobs},
    title = {Enterprise Software as Service},
    journal = {Enterprise Distributed Computing},
    year = {2005}
}
@misc{akamai2017,
    author = {{Akamai Technologies}},
    title = {Average internet connection speed in the United States from 2007 to 2017 (in Mbps), by quarter},
    year = {2017},
    date = {2017-05-01},
    urldate = {2021-12-14},
    url = {https://bit.ly/31PSvFV}
}

@misc{statista2021,
    author = {Statista},
    title = {Number of internet users in the United States from 2010 to 2025},
    year = {2021},
    date = {2021-01-01},
    urldate      = {2021-12-14},
    url = {https://bit.ly/3yq6LkE}
}

@misc{adobe2021,
  author       = {{Adobe Inc.}},
  title        = {Plans and pricing for Creative Cloud apps and more.},
  year         = {2021},
  url          = {https://www.adobe.com/creativecloud/plans.html},
  urldate      = {2021-12-14}
}

@misc{mozilla2021,
  author       = {{Mozilla Foundation}},
  title        = {The History of Web Browsers},
  year         = {2021},
  url          = {https://www.mozilla.org/en-US/firefox/browsers/browser-history/},
  urldate      = {2021-12-14}
}